%! Author = Runge
%! Date = 29-12-2023

%@book{goossens1993,
%    author    = "Michel Goossens and Frank Mittelbach and Alexander Samarin",
%    title     = "The LaTeX Companion",
%    year      = "1993",
%    publisher = "Addison-Wesley",
%    address   = "Reading, Massachusetts"
%}
%
%@article{greenwade1993,
%    author  = "George D. Greenwade",
%    title   = "The {C}omprehensive {T}ex {A}rchive {N}etwork ({CTAN})",
%    year    = "1993",
%    journal = "TUGBoat",
%    volume  = "14",
%    number  = "3",
%    pages   = "342--351"
%}

@article{EthereumAttacks2024,
    title        = {What are zero-knowledge proofs?},
    author       = {ethereum.org},
    year         = {2024},
    note         = {Accessed: 15-10-2024},
    url = {https://ethereum.org/en/zero-knowledge-proofs/}
}

@article{MACI2022,
    title        = {A Technical Introduction to MACI 1.0},
    author       = {Kyle Charbonnet},
    year         = {2022},
    note         = {Accessed: 15-10-2024},
    url = {https://maci.pse.dev/blog/maci-1-0-technical-introduction}
}

@article{EthereumScaling2024,
    title        = {Scaling},
    author       = {ethereum.org},
    year         = {2024},
    note         = {Accessed: 15-10-2024},
    url = {https://ethereum.org/en/developers/docs/scaling/}
}

@article{sarenche2024breakingbalancepowercommitment,
    title={Breaking the Balance of Power: Commitment Attacks on Ethereum's Reward Mechanism},
    author={Roozbeh Sarenche and Ertem Nusret Tas and Barnabe Monnot and Caspar Schwarz-Schilling and Bart Preneel},
    year={2024},
    eprint={2407.19479},
    archivePrefix={arXiv},
    primaryClass={cs.CR},
    url={https://arxiv.org/abs/2407.19479},
}

